<record><leader>00000cas a22000007a 4500</leader><controlfield tag="001">639523262</controlfield><controlfield tag="008">100609c20109999kyuwr n       |   a0eng  </controlfield><datafield ind1=" " ind2=" " tag="010"><subfield code="a">  2010200228</subfield></datafield><datafield ind1=" " ind2=" " tag="040"><subfield code="a">DLC</subfield><subfield code="b">eng</subfield><subfield code="c">DLC</subfield><subfield code="d">DLC</subfield><subfield code="d">OCLCQ</subfield></datafield><datafield ind1=" " ind2=" " tag="012"><subfield code="l">1</subfield></datafield><datafield ind1="1" ind2=" " tag="022"><subfield code="a">2155-7322</subfield><subfield code="2">1</subfield></datafield><datafield ind1=" " ind2=" " tag="032"><subfield code="a">640120</subfield><subfield code="b">USPS</subfield></datafield><datafield ind1=" " ind2=" " tag="037"><subfield code="b">Paxton Media Group, 864 Commerce Blvd., PO Box 410, Bentorn KY 42025-0410</subfield></datafield><datafield ind1=" " ind2=" " tag="042"><subfield code="a">nsdp</subfield><subfield code="a">pcc</subfield></datafield><datafield ind1="1" ind2="0" tag="050"><subfield code="a">ISSN RECORD</subfield></datafield><datafield ind1=" " ind2="4" tag="222"><subfield code="a">The trib</subfield><subfield code="b">(Benton, Ky.)</subfield></datafield><datafield ind1="0" ind2="4" tag="245"><subfield code="a">The trib :</subfield><subfield code="b">Marshall County tribune-courier.</subfield></datafield><datafield ind1="3" ind2=" " tag="246"><subfield code="a">Marshall County tribune-courier</subfield></datafield><datafield ind1=" " ind2=" " tag="260"><subfield code="a">[Benton, KY] :</subfield><subfield code="b">Paxton Media Group</subfield></datafield><datafield ind1=" " ind2=" " tag="310"><subfield code="a">Weekly</subfield></datafield><datafield ind1="1" ind2=" " tag="362"><subfield code="a">Began with June 1, 2010?</subfield></datafield><datafield ind1=" " ind2=" " tag="588"><subfield code="a">Description based on June 1, 2010; title from masthead.</subfield></datafield><datafield ind1=" " ind2=" " tag="752"><subfield code="a">United States</subfield><subfield code="b">Kentucky</subfield><subfield code="c">Marshall</subfield><subfield code="d">Benton.</subfield></datafield><datafield ind1="0" ind2="0" tag="780"><subfield code="t">Tribune-courier (Benton, Ky. : 1989)</subfield><subfield code="x">1046-302X</subfield><subfield code="w">(DLC)sn 89058434</subfield><subfield code="w">(OCoLC)19943648</subfield></datafield></record>